\@book{LatexБалдин,
	author = "Балдин, Е.М.",
	title = "Компьютерная типография \LaTeX",
	address = "Новосибирск",
	year = 2013,
	pagetotal = "308",
	language = "russian"
}
\@book{LatexЛьвовский,
	author = "Львовский, С.М.",
	title = "Набор и верстка в пакете \LaTeX",	
	year = 2014,
	pagetotal = "401",
	isbn = "978-5-4439-0239-5",
	language = "russian"
}
\@book{LatexКузнецов,
	author = "Кузнецов, А.В.",
	title = "Основы \LaTeX. Учебное пособие",	
	address = "М.",
	publisher = "НИЯУ МИФИ",
	year = 2021,
	pagetotal = "364",
	isbn = "978-5-7262-2680-7",
	language = "russian"
}